<?xml version="1.0" encoding="UTF-8"?>
<collection xmlns:xsi="http://www.w3.org/2001/XMLSchema-instance" xsi:schemaLocation="http://www.loc.gov/MARC21/slim http://www.loc.gov/standards/marcxml/schema/MARC21slim.xsd" xmlns="http://www.loc.gov/MARC21/slim">
<record>
  <leader>00729cam a2200181 u 4500</leader>
  <controlfield tag="001">650493</controlfield>
  <controlfield tag="003">NNC</controlfield>
  <controlfield tag="005">20151117190321.0</controlfield>
  <controlfield tag="008">880519q19201950le ||||||||| |||| ||ara |</controlfield>
  <datafield tag="035" ind1=" " ind2=" ">
    <subfield code="a">(OCoLC)60601365</subfield>
  </datafield>
  <datafield tag="035" ind1=" " ind2=" ">
    <subfield code="a">(OCoLC)ocm60601365</subfield>
  </datafield>
  <datafield tag="035" ind1=" " ind2=" ">
    <subfield code="a">(CStRLIN)NYCG88-B36086</subfield>
  </datafield>
  <datafield tag="035" ind1=" " ind2=" ">
    <subfield code="9">ACV7712CU</subfield>
  </datafield>
  <datafield tag="035" ind1=" " ind2=" ">
    <subfield code="a">(NNC)650493</subfield>
  </datafield>
  <datafield tag="100" ind1="1" ind2=" ">
    <subfield code="a">Shanbūr, Raʼfat Shafīq.</subfield>
  </datafield>
  <datafield tag="245" ind1="1" ind2="0">
    <subfield code="a">Jamʻīyat al-umam wa-al-intidābāt :</subfield>
    <subfield code="b">kitāb siyāsī wa-intiqādī yabḥathu ʻan tārīkh jamʻīyat al-umam wa-al-intidābāt bi-wajh ʻām, wa-ʻan al-intidāb bi-wajh khās, wa-uṣūl taṭbīqihi fī Sūriyā wa-Lubnān.</subfield>
  </datafield>
  <datafield tag="260" ind1=" " ind2=" ">
    <subfield code="a">Ṭarābulus al-Shām :</subfield>
    <subfield code="b">Maṭbaʻat Ṣadá al-Shaʻb,</subfield>
    <subfield code="c">[192-?]</subfield>
  </datafield>
  <datafield tag="300" ind1=" " ind2=" ">
    <subfield code="a">176 p.</subfield>
  </datafield>
  <datafield tag="955" ind1=" " ind2=" ">
    <subfield code="b">CU59577541</subfield>
    <subfield code="d">off,glx</subfield>
    <subfield code="e">ME06790</subfield>
  </datafield>
</record>
</collection>